
@article{catchen_stacks_2013,
	title = {Stacks: an analysis tool set for population genomics},
	volume = {22},
	issn = {1365-294X},
	shorttitle = {Stacks},
	doi = {10.1111/mec.12354},
	language = {en},
	number = {11},
	urldate = {2022-03-02},
	journal = {Molecular Ecology},
	author = {Catchen, Julian and Hohenlohe, Paul A. and Bassham, Susan and Amores, Angel and Cresko, William A.},
	year = {2013},
	keywords = {population genomics, GBS, genetics, next-generation sequencing, RAD-seq},
	pages = {3124--3140},
}

@techreport{rivera-colon_population_2021,
	title = {Population genomics analysis with {RAD}, reprised: {Stacks} 2},
	copyright = {© 2021, Posted by Cold Spring Harbor Laboratory. This pre-print is available under a Creative Commons License (Attribution-NoDerivs 4.0 International), CC BY-ND 4.0, as described at http://creativecommons.org/licenses/by-nd/4.0/},
	shorttitle = {Population genomics analysis with {RAD}, reprised},
	url = {https://www.biorxiv.org/content/10.1101/2021.11.02.466953v1},
	language = {en},
	urldate = {2022-04-11},
	institution = {bioRxiv},
	author = {Rivera-Colón, Angel G. and Catchen, Julian},
	month = nov,
	year = {2021},
	doi = {10.1101/2021.11.02.466953},
	pages = {2021.11.02.466953},
}

@article{li_fast_2009,
	title = {Fast and accurate short read alignment with {Burrows}–{Wheeler} transform},
	volume = {25},
	issn = {1367-4803},
	doi = {10.1093/bioinformatics/btp324},
	number = {14},
	urldate = {2022-04-22},
	journal = {Bioinformatics},
	author = {Li, Heng and Durbin, Richard},
	month = jul,
	year = {2009},
	pages = {1754--1760},
}

@article{li2013aligning,
	title={Aligning sequence reads, clone sequences and assembly contigs with BWA-MEM},
	author={Li, Heng},
	journal={arXiv preprint:1303.3997},
	year={2013}
}

@article{danecek_twelve_2021,
	title = {Twelve years of {SAMtools} and {BCFtools}},
	volume = {10},
	issn = {2047-217X},
	url = {https://doi.org/10.1093/gigascience/giab008},
	doi = {10.1093/gigascience/giab008},
	number = {2},
	urldate = {2022-04-22},
	journal = {GigaScience},
	author = {Danecek, Petr and Bonfield, James K and Liddle, Jennifer and Marshall, John and Ohan, Valeriu and Pollard, Martin O and Whitwham, Andrew and Keane, Thomas and McCarthy, Shane A and Davies, Robert M and Li, Heng},
	month = feb,
	year = {2021},
	pages = {giab008},
}


@article{sun_genus-wide_2021,
	title = {Genus-{Wide} {Characterization} of {Bumblebee} {Genomes} {Provides} {Insights} into {Their} {Evolution} and {Variation} in {Ecological} and {Behavioral} {Traits}},
	volume = {38},
	issn = {1537-1719},
	doi = {10.1093/molbev/msaa240},
	number = {2},
	urldate = {2022-03-02},
	journal = {Molecular Biology and Evolution},
	author = {Sun, Cheng and Huang, Jiaxing and Wang, Yun and Zhao, Xiaomeng and Su, Long and Thomas, Gregg W C and Zhao, Mengya and Zhang, Xingtan and Jungreis, Irwin and Kellis, Manolis and Vicario, Saverio and Sharakhov, Igor V and Bondarenko, Semen M and Hasselmann, Martin and Kim, Chang N and Paten, Benedict and Penso-Dolfin, Luca and Wang, Li and Chang, Yuxiao and Gao, Qiang and Ma, Ling and Ma, Lina and Zhang, Zhang and Zhang, Hongbo and Zhang, Huahao and Ruzzante, Livio and Robertson, Hugh M and Zhu, Yihui and Liu, Yanjie and Yang, Huipeng and Ding, Lele and Wang, Quangui and Ma, Dongna and Xu, Weilin and Liang, Cheng and Itgen, Michael W and Mee, Lauren and Cao, Gang and Zhang, Ze and Sadd, Ben M and Hahn, Matthew W and Schaack, Sarah and Barribeau, Seth M and Williams, Paul H and Waterhouse, Robert M and Mueller, Rachel Lockridge},
	month = feb,
	year = {2021},
	pages = {486--501},
}

@article{cameron_global_2020,
	title = {Global {Trends} in {Bumble} {Bee} {Health}},
	volume = {65},
	doi = {10.1146/annurev-ento-011118-111847},
	number = {1},
	urldate = {2022-03-02},
	journal = {Annual Review of Entomology},
	author = {Cameron, Sydney A. and Sadd, Ben M.},
	year = {2020},
	pmid = {31610137},
	pages = {209--232},
}

@article{goulson_decline_2008,
	title = {Decline and {Conservation} of {Bumble} {Bees}},
	volume = {53},
	doi = {10.1146/annurev.ento.53.103106.093454},
	number = {1},
	urldate = {2022-03-02},
	journal = {Annual Review of Entomology},
	author = {Goulson, D. and Lye, G.C. and Darvill, B.},
	year = {2008},
	pmid = {17803456},
	pages = {191--208},
}


@article{goulson_conserving_2003,
	title = {Conserving wild bees for crop pollination},
	volume = {1},
	number = {1},
	journal = {International Journal of Food, Agriulture and the. Environment},
	author = {Goulson, Dave},
	year = {2003},
	pages = {142--144},
}


@article{outhwaite_agriculture_2022,
	title = {Agriculture and climate change are reshaping insect biodiversity worldwide},
	copyright = {2022 The Author(s), under exclusive licence to Springer Nature Limited},
	issn = {1476-4687},
	doi = {10.1038/s41586-022-04644-x},
	language = {en},
	urldate = {2022-04-27},
	journal = {Nature},
	author = {Outhwaite, Charlotte L. and McCann, Peter and Newbold, Tim},
	month = apr,
	year = {2022},
	keywords = {Biodiversity, Climate-change ecology, Macroecology},
	pages = {1--6},
}

@article{oliver_interactions_2014,
	title = {Interactions between climate change and land use change on biodiversity: attribution problems, risks, and opportunities},
	volume = {5},
	issn = {1757-7799},
	shorttitle = {Interactions between climate change and land use change on biodiversity},
	doi = {10.1002/wcc.271},
	language = {en},
	number = {3},
	urldate = {2022-04-27},
	journal = {WIREs Climate Change},
	author = {Oliver, Tom H. and Morecroft, Mike D.},
	year = {2014},
	pages = {317--335},
}

@article{carvell_declines_2006,
	title = {Declines in forage availability for bumblebees at a national scale},
	volume = {132},
	issn = {0006-3207},
	doi = {10.1016/j.biocon.2006.05.008},
	language = {en},
	number = {4},
	urldate = {2022-04-27},
	journal = {Biological Conservation},
	author = {Carvell, Claire and Roy, David B. and Smart, Simon M. and Pywell, Richard F. and Preston, Chris D. and Goulson, Dave},
	month = oct,
	year = {2006},
	keywords = {Conservation, Forage plants, Habitat quality, Pollinators},
	pages = {481--489},
}

@article{soroye_climate_2020,
	title = {Climate change contributes to widespread declines among bumble bees across continents},
	volume = {367},
	doi = {10.1126/science.aax8591},
	number = {6478},
	urldate = {2022-04-28},
	journal = {Science},
	author = {Soroye, Peter and Newbold, Tim and Kerr, Jeremy},
	month = feb,
	year = {2020},
	note = {Publisher: American Association for the Advancement of Science},
	pages = {685--688},
}


@article{goulson_decline_2008,
	title = {Decline and {Conservation} of {Bumble} {Bees}},
	volume = {53},
	doi = {10.1146/annurev.ento.53.103106.093454},
	number = {1},
	urldate = {2022-03-02},
	journal = {Annual Review of Entomology},
	author = {Goulson, D. and Lye, G.C. and Darvill, B.},
	year = {2008},
	pmid = {17803456},
	pages = {191--208},
}

@article{ellis_delineating_2005,
	title = {Delineating species for conservation using mitochondrial sequence data: the taxonomic status of two problematic {Bombus} species ({Hymenoptera}: {Apidae})},
	volume = {9},
	issn = {1366-638X, 1572-9753},
	shorttitle = {Delineating species for conservation using mitochondrial sequence data},
	doi = {10.1007/s10841-004-4168-0},
	language = {en},
	number = {2},
	urldate = {2022-03-02},
	journal = {Journal of Insect Conservation},
	author = {Ellis, J. S. and Knight, M. E. and Goulson, D.},
	month = jun,
	year = {2005},
	pages = {75--83},
}

@article{powney_widespread_2019,
	title = {Widespread losses of pollinating insects in {Britain}},
	volume = {10},
	copyright = {2019 Crown},
	issn = {2041-1723},
	doi = {10.1038/s41467-019-08974-9},
	language = {en},
	number = {1},
	urldate = {2022-04-27},
	journal = {Nature Communications},
	author = {Powney, Gary D. and Carvell, Claire and Edwards, Mike and Morris, Roger K. A. and Roy, Helen E. and Woodcock, Ben A. and Isaac, Nick J. B.},
	month = mar,
	year = {2019},
	keywords = {Biodiversity, Ecological modelling, Ecosystem services, Macroecology},
	pages = {1018},
}

@article{goulson_population_2011,
	title = {Population structure, dispersal and colonization history of the garden bumblebee {Bombus} hortorum in the {Western} {Isles} of {Scotland}},
	volume = {12},
	issn = {1572-9737},
	doi = {10.1007/s10592-011-0190-4},
	language = {en},
	number = {4},
	urldate = {2022-04-27},
	journal = {Conservation Genetics},
	author = {Goulson, D. and Kaden, J. C. and Lepais, O. and Lye, G. C. and Darvill, B.},
	month = aug,
	year = {2011},
	keywords = {Bathymetry, Circuit theory, Isolation by distance, Microsatellite},
	pages = {867--879},
}

@article{maebe_microsatellite_2015,
	title = {Microsatellite {Analysis} of {Museum} {Specimens} {Reveals} {Historical} {Differences} in {Genetic} {Diversity} between {Declining} and {More} {Stable} {Bombus} {Species}},
	volume = {10},
	issn = {1932-6203},
	doi = {10.1371/journal.pone.0127870},
	language = {en},
	number = {6},
	urldate = {2022-04-27},
	journal = {PLOS ONE},
	author = {Maebe, Kevin and Meeus, Ivan and Ganne, Maarten and Meulemeester, Thibaut De and Biesmeijer, Koos and Smagghe, Guy},
	month = jun,
	year = {2015},
	keywords = {Bumblebees, Conservation genetics, Genetic loci, Genetic polymorphism, Heterozygosity, Microsatellite loci, Population genetics, Species diversity},
	pages = {e0127870},
}

@article{wood_targeted_2015,
	title = {Targeted agri-environment schemes significantly improve the population size of common farmland bumblebee species},
	volume = {24},
	issn = {1365-294X},
	doi = {10.1111/mec.13144},
	language = {en},
	number = {8},
	urldate = {2022-04-27},
	journal = {Molecular Ecology},
	author = {Wood, Thomas J. and Holland, John M. and Hughes, William O. H. and Goulson, Dave},
	year = {2015},
	keywords = {agri-environment schemes, Bombus, foraging range, nest density, pollinator conservation},
	pages = {1668--1680},
}

@article{goulson_causes_2005,
	title = {Causes of rarity in bumblebees},
	volume = {122},
	issn = {0006-3207},
	doi = {10.1016/j.biocon.2004.06.017},
	language = {en},
	number = {1},
	urldate = {2022-04-27},
	journal = {Biological Conservation},
	author = {Goulson, D. and Hanley, M. E. and Darvill, B. and Ellis, J. S. and Knight, M. E.},
	month = mar,
	year = {2005},
	keywords = {Abundance, Competition, Hymenoptera, Pollen, Tongue length},
	pages = {1--8},
}

@article{kleijn_how_2003,
	title = {How effective are {European} agri-environment schemes in conserving and promoting biodiversity?},
	volume = {40},
	issn = {1365-2664},
	doi = {10.1111/j.1365-2664.2003.00868.x},
	language = {en},
	number = {6},
	urldate = {2022-04-28},
	journal = {Journal of Applied Ecology},
	author = {Kleijn, David and Sutherland, William J.},
	year = {2003},
	keywords = {EEC Regulation 2078/ 92, farmland, policy evaluation, wildlife conservation},
	pages = {947--969},
}

@article{vitti_detecting_2013,
	title = {Detecting {Natural} {Selection} in {Genomic} {Data}},
	volume = {47},
	doi = {10.1146/annurev-genet-111212-133526},
	number = {1},
	urldate = {2022-04-29},
	journal = {Annual Review of Genetics},
	author = {Vitti, Joseph J. and Grossman, Sharon R. and Sabeti, Pardis C.},
	year = {2013},
	pmid = {24274750},
	pages = {97--120},
}


@article{davey_radseq_2010,
	title = {{RADSeq}: next-generation population genetics},
	volume = {9},
	issn = {2041-2649},
	shorttitle = {{RADSeq}},
	doi = {10.1093/bfgp/elq031},
	number = {5-6},
	urldate = {2022-01-06},
	journal = {Briefings in Functional Genomics},
	author = {Davey, John W. and Blaxter, Mark L.},
	month = dec,
	year = {2010},
	pmid = {21266344},
	pmcid = {PMC3080771},
	pages = {416--423},
}

@article{andrews_harnessing_2016,
	title = {Harnessing the power of {RADseq} for ecological and evolutionary genomics},
	volume = {17},
	issn = {1471-0056, 1471-0064},
	doi = {10.1038/nrg.2015.28},
	language = {en},
	number = {2},
	urldate = {2022-01-06},
	journal = {Nature Reviews Genetics},
	author = {Andrews, Kimberly R. and Good, Jeffrey M. and Miller, Michael R. and Luikart, Gordon and Hohenlohe, Paul A.},
	month = feb,
	year = {2016},
	pages = {81--92},
}

@article{weigand_detecting_2018,
	title = {Detecting signatures of positive selection in non-model species using genomic data},
	volume = {184},
	issn = {0024-4082, 1096-3642},
	doi = {10.1093/zoolinnean/zly007},
	language = {en},
	number = {2},
	urldate = {2022-01-06},
	journal = {Zoological Journal of the Linnean Society},
	author = {Weigand, Hannah and Leese, Florian},
	month = oct,
	year = {2018},
	pages = {528--583},
}

@article{blanco-bercial_new_2016,
	title = {New view of population genetics of zooplankton: {RAD}-seq analysis reveals population structure of the {North} {Atlantic} planktonic copepod {Centropages} typicus},
	volume = {25},
	issn = {1365-294X},
	shorttitle = {New view of population genetics of zooplankton},
	doi = {10.1111/mec.13581},
	language = {en},
	number = {7},
	urldate = {2022-03-02},
	journal = {Molecular Ecology},
	author = {Blanco-Bercial, L. and Bucklin, A.},
	year = {2016},
	keywords = {Centropages typicus, connectivity, population genetics, RAD tag, Zooplankton},
	pages = {1566--1580},
}

@article{leiva_population_2019,
	title = {Population substructure and signals of divergent adaptive selection despite admixture in the sponge {Dendrilla} antarctica from shallow waters surrounding the {Antarctic} {Peninsula}},
	volume = {28},
	issn = {1365-294X},
	doi = {10.1111/mec.15135},
	language = {en},
	number = {13},
	urldate = {2022-03-02},
	journal = {Molecular Ecology},
	author = {Leiva, Carlos and Taboada, Sergi and Kenny, Nathan J. and Combosch, David and Giribet, Gonzalo and Jombart, Thibaut and Riesgo, Ana},
	year = {2019},
	keywords = {adaptation, ddRADseq, mitochondrial genome, RNA-seq, SNPs, South Shetland Islands},
	pages = {3151--3170},
}

@article{kang_population_2017,
	title = {Population genetics analysis of the {Nujiang} catfish {Creteuchiloglanis} macropterus through a genome-wide single nucleotide polymorphisms resource generated by {RAD}-seq},
	volume = {7},
	copyright = {2017 The Author(s)},
	issn = {2045-2322},
	doi = {10.1038/s41598-017-02853-3},
	language = {en},
	number = {1},
	urldate = {2022-03-02},
	journal = {Scientific Reports},
	author = {Kang, Jingliang and Ma, Xiuhui and He, Shunping},
	month = jun,
	year = {2017},
	keywords = {Evolutionary genetics, Genetic variation},
	pages = {1--13},
}

@article{de_jong_detecting_2021,
	title = {Detecting genetic signals of selection in heavily bottlenecked reindeer populations by comparing parallel founder events},
	volume = {30},
	issn = {1365-294X},
	doi = {10.1111/mec.15837},
	language = {en},
	number = {7},
	urldate = {2022-03-02},
	journal = {Molecular Ecology},
	author = {de Jong, Menno J. and Lovatt, Fiona and Hoelzel, A. Rus},
	year = {2021},
	keywords = {adaptation, bottlenecks, natural selection, reindeer, simulation},
	pages = {1642--1658},
}


@article{sayers_database_2022,
	title = {Database resources of the national center for biotechnology information},
	volume = {50},
	issn = {1362-4962},
	doi = {10.1093/nar/gkab1112},
	language = {eng},
	number = {D1},
	journal = {Nucleic Acids Research},
	author = {Sayers, Eric W. and Bolton, Evan E. and Brister, J. Rodney and Canese, Kathi and Chan, Jessica and Comeau, Donald C. and Connor, Ryan and Funk, Kathryn and Kelly, Chris and Kim, Sunghwan and Madej, Tom and Marchler-Bauer, Aron and Lanczycki, Christopher and Lathrop, Stacy and Lu, Zhiyong and Thibaud-Nissen, Francoise and Murphy, Terence and Phan, Lon and Skripchenko, Yuri and Tse, Tony and Wang, Jiyao and Williams, Rebecca and Trawick, Barton W. and Pruitt, Kim D. and Sherry, Stephen T.},
	month = jan,
	year = {2022},
	pmid = {34850941},
	pmcid = {PMC8728269},
	pages = {D20--D26},
}

@misc{ncbi_iybomterr12_2022,
	title = {{iyBomTerr1}.2 {Genome} {Assembly} {NCBI}. {Accession} {No}. {GCF}\_910591885.1},
	url = {https://www.ncbi.nlm.nih.gov/assembly/GCA_910591885.2#/def},
	urldate = {2022-07-15},
	journal = {Bethesda (MD): National Library of Medicine (US), National Center for Biotechnology Information},
	author = {NCBI},
	year = {2022},
	note = {Available at \url{https://www.ncbi.nlm.nih.gov/assembly/GCA_910591885.2#/def}. Accessed 15/7/2022},
}

@misc{ncbi_iybomhort11_2021,
	title = {{iyBomHort1}.1 {Genome} {Assembly} {NCBI}. {Accession} {No}. {GCA}\_905332935.1},
	url = {https://www.ncbi.nlm.nih.gov/assembly/GCA\_905332935.1},
	urldate = {2022-05-27},
	journal = {Bethesda (MD): National Library of Medicine (US), National Center for Biotechnology Information},
	author = {NCBI},
	year = {2021},
	note = {Available at \url{https://www.ncbi.nlm.nih.gov/assembly/GCA_905332935.1}. Accessed 27/5/2022},
}

@article{foll_genome-scan_2008,
	title = {A {Genome}-{Scan} {Method} to {Identify} {Selected} {Loci} {Appropriate} for {Both} {Dominant} and {Codominant} {Markers}: {A} {Bayesian} {Perspective}},
	volume = {180},
	issn = {1943-2631},
	doi = {10.1534/genetics.108.092221},
	number = {2},
	urldate = {2022-03-02},
	journal = {Genetics},
	author = {Foll, Matthieu and Gaggiotti, Oscar},
	month = oct,
	year = {2008},
	pages = {977--993},
}

@article{lischer_pgdspider_2012,
	title = {{PGDSpider}: an automated data conversion tool for connecting population genetics and genomics programs},
	volume = {28},
	issn = {1367-4803},
	shorttitle = {{PGDSpider}},
	doi = {10.1093/bioinformatics/btr642},
	number = {2},
	journal = {Bioinformatics},
	author = {Lischer, H. E. L. and Excoffier, L.},
	month = jan,
	year = {2012},
	pages = {298--299},
}

@article{altschul_basic_1990,
	title = {Basic local alignment search tool},
	volume = {215},
	issn = {0022-2836},
	doi = {10.1016/S0022-2836(05)80360-2},
	language = {eng},
	number = {3},
	journal = {Journal of Molecular Biology},
	author = {Altschul, S. F. and Gish, W. and Miller, W. and Myers, E. W. and Lipman, D. J.},
	month = oct,
	year = {1990},
	pmid = {2231712},
	pages = {403--410},
}

@article{drinan_population_2018,
	title = {Population assignment and local adaptation along an isolation‐by‐distance gradient in {Pacific} cod ({Gadus} macrocephalus)},
	volume = {11},
	issn = {1752-4571},
	doi = {10.1111/eva.12639},
	number = {8},
	urldate = {2022-05-11},
	journal = {Evolutionary Applications},
	author = {Drinan, Daniel P. and Gruenthal, Kristen M. and Canino, Michael F. and Lowry, Dayv and Fisher, Mary C. and Hauser, Lorenz},
	month = may,
	year = {2018},
	pmid = {30151052},
	pmcid = {PMC6100185},
	pages = {1448--1464},
}


@article{chang_second-generation_2015,
	title = {Second-generation {PLINK}: rising to the challenge of larger and richer datasets},
	volume = {4},
	issn = {2047-217X},
	shorttitle = {Second-generation {PLINK}},
	doi = {10.1186/s13742-015-0047-8},
	number = {1},
	urldate = {2022-06-06},
	journal = {GigaScience},
	author = {Chang, Christopher C and Chow, Carson C and Tellier, Laurent CAM and Vattikuti, Shashaank and Purcell, Shaun M and Lee, James J},
	month = dec,
	year = {2015},
	pages = {s13742--015},
}

@misc{purcell_plink_2022,
	title = {{PLINK} (version 1.9)},
	url = {www.cog-genomics.org/plink/1.9/},
	author = {Purcell, Shaun M and Chang, Christopher C},
	year = {2022},
	note = {Available at \url{www.cog-genomics.org/plink/1.9/}. Accessed 6/6/2022},
}

@article{purcell_plink_2007,
	title = {{PLINK}: {A} {Tool} {Set} for {Whole}-{Genome} {Association} and {Population}-{Based} {Linkage} {Analyses}},
	volume = {81},
	issn = {0002-9297},
	shorttitle = {{PLINK}},
	number = {3},
	urldate = {2022-06-06},
	journal = {American Journal of Human Genetics},
	author = {Purcell, Shaun and Neale, Benjamin and Todd-Brown, Kathe and Thomas, Lori and Ferreira, Manuel A. R. and Bender, David and Maller, Julian and Sklar, Pamela and de Bakker, Paul I. W. and Daly, Mark J. and Sham, Pak C.},
	month = sep,
	year = {2007},
	pmid = {17701901},
	pmcid = {PMC1950838},
	pages = {559--575},
}

@article{prive_performing_2020,
	title = {Performing {Highly} {Efficient} {Genome} {Scans} for {Local} {Adaptation} with {R} {Package} pcadapt {Version} 4},
	volume = {37},
	issn = {0737-4038},
	doi = {10.1093/molbev/msaa053},
	number = {7},
	urldate = {2022-06-06},
	journal = {Molecular Biology and Evolution},
	author = {Privé, Florian and Luu, Keurcien and Vilhjálmsson, Bjarni J and Blum, Michael G B},
	month = jul,
	year = {2020},
	pages = {2153--2154},
}

@article{luu_pcadapt_2017,
	title = {pcadapt: an {R} package to perform genome scans for selection based on principal component analysis},
	volume = {17},
	issn = {1755-0998},
	shorttitle = {pcadapt},
	doi = {10.1111/1755-0998.12592},
	language = {en},
	number = {1},
	urldate = {2022-06-06},
	journal = {Molecular Ecology Resources},
	author = {Luu, Keurcien and Bazin, Eric and Blum, Michael G. B.},
	year = {2017},
	keywords = {Mahalanobis distance, outlier detection, population genetics, principal component analysis, R package},
	pages = {67--77},
}

@article{duforet-frebourg_detecting_2016,
	title = {Detecting {Genomic} {Signatures} of {Natural} {Selection} with {Principal} {Component} {Analysis}: {Application} to the 1000 {Genomes} {Data}},
	volume = {33},
	issn = {0737-4038},
	shorttitle = {Detecting {Genomic} {Signatures} of {Natural} {Selection} with {Principal} {Component} {Analysis}},
	doi = {10.1093/molbev/msv334},
	number = {4},
	urldate = {2022-06-06},
	journal = {Molecular Biology and Evolution},
	author = {Duforet-Frebourg, Nicolas and Luu, Keurcien and Laval, Guillaume and Bazin, Eric and Blum, Michael G.B.},
	month = apr,
	year = {2016},
	pages = {1082--1093},
}

@article{whitlock_reliable_2015,
	title = {Reliable {Detection} of {Loci} {Responsible} for {Local} {Adaptation}: {Inference} of a {Null} {Model} through {Trimming} the {Distribution} of {FST}},
	volume = {186},
	issn = {0003-0147},
	shorttitle = {Reliable {Detection} of {Loci} {Responsible} for {Local} {Adaptation}},
	doi = {10.1086/682949},
	number = {S1},
	urldate = {2022-05-11},
	journal = {The American Naturalist},
	author = {Whitlock, Michael C. and Lotterhos, Katie E. and Bronstein, Editor: Judith L.},
	year = {2015},
	pages = {S24--S36},
}

@book{r_core_team_r_2022,
	address = {Vienna, Austria},
	title = {R: {A} {Language} and {Environment} for {Statistical} {Computing}},
	url = {https://www.R-project.org/},
	publisher = {R Foundation for Statistical Computing},
	author = {{R Core Team}},
	year = {2022},
	note = {Available at \url{https://www.R-project.org/}},
}


@article{hoban_finding_2016,
	title = {Finding the {Genomic} {Basis} of {Local} {Adaptation}: {Pitfalls}, {Practical} {Solutions}, and {Future} {Directions}},
	volume = {188},
	issn = {0003-0147},
	shorttitle = {Finding the {Genomic} {Basis} of {Local} {Adaptation}},
	doi = {10.1086/688018},
	number = {4},
	urldate = {2022-06-06},
	journal = {The American Naturalist},
	author = {Hoban, Sean and Kelley, Joanna L. and Lotterhos, Katie E. and Antolin, Michael F. and Bradburd, Gideon and Lowry, David B. and Poss, Mary L. and Reed, Laura K. and Storfer, Andrew and Whitlock, Michael C.},
	month = oct,
	year = {2016},
	keywords = {differentiation outlier, FST outliers, genetic-environment association, genetics of adaptation, genome scans, local adaptation},
	pages = {379--397},
}

@article{buckley_restriction_2018,
	title = {Restriction associated {DNA}-genotyping at multiple spatial scales in {Arabidopsis} lyrata reveals signatures of pathogen-mediated selection},
	volume = {19},
	issn = {1471-2164},
	doi = {10.1186/s12864-018-4806-7},
	number = {1},
	urldate = {2022-06-09},
	journal = {BMC Genomics},
	author = {Buckley, James and Holub, Eric B. and Koch, Marcus A. and Vergeer, Philippine and Mable, Barbara K.},
	month = jun,
	year = {2018},
	keywords = {Arabidopsis lyrata, Balancing selection, Disease resistance, Genome scan, Mating system, Pathogens, Polymorphism, R-genes, RAD-seq},
	pages = {496},
}

@article{hohenlohe_population_2010,
	title = {Population {Genomics} of {Parallel} {Adaptation} in {Threespine} {Stickleback} using {Sequenced} {RAD} {Tags}},
	volume = {6},
	issn = {1553-7404},
	doi = {10.1371/journal.pgen.1000862},
	language = {en},
	number = {2},
	urldate = {2022-06-24},
	journal = {PLOS Genetics},
	author = {Hohenlohe, Paul A. and Bassham, Susan and Etter, Paul D. and Stiffler, Nicholas and Johnson, Eric A. and Cresko, William A.},
	month = feb,
	year = {2010},
	keywords = {Evolutionary genetics, Fresh water, Genomics, Nucleotides, Population genetics, Single nucleotide polymorphisms, Species diversity, Sticklebacks},
	pages = {e1000862},
}

@article{mollion_patterns_2017,
	title = {Patterns of {Genome}-{Wide} {Nucleotide} {Diversity} in the {Gynodioecious} {Plant} {Thymus} vulgaris {Are} {Compatible} with {Recent} {Sweeps} of {Cytoplasmic} {Genes}},
	volume = {10},
	issn = {1759-6653},
	doi = {10.1093/gbe/evx272},
	number = {1},
	urldate = {2022-06-27},
	journal = {Genome Biology and Evolution},
	author = {Mollion, Maeva and Ehlers, Bodil K and Figuet, Emeric and Santoni, Sylvain and Lenormand, Thomas and Maurice, Sandrine and Galtier, Nicolas and Bataillon, Thomas},
	month = dec,
	year = {2017},
	pmid = {29272394},
	pmcid = {PMC5815141},
	pages = {239--248},
}

@article{hohenlohe_using_2010,
	title = {Using {Population} {Genomics} to {Detect} {Selection} in {Natural} {Populations}: {Key} {Concepts} and {Methodological} {Considerations}},
	volume = {171},
	issn = {1058-5893},
	shorttitle = {Using {Population} {Genomics} to {Detect} {Selection} in {Natural} {Populations}},
	doi = {10.1086/656306},
	number = {9},
	urldate = {2022-07-01},
	journal = {International Journal of Plant Sciences},
	author = {Hohenlohe, Paul A. and Phillips, Patrick C. and Cresko, William A.},
	month = nov,
	year = {2010},
	note = {Publisher: The University of Chicago Press},
	keywords = {coalescent, genome scan, natural selection, population genomics, selective sweep, sequence divergence},
	pages = {1059--1071},
}

@incollection{hohenlohe_population_2012,
	address = {Totowa, NJ},
	series = {Methods in {Molecular} {Biology}},
	title = {Population {Genomic} {Analysis} of {Model} and {Nonmodel} {Organisms} {Using} {Sequenced} {RAD} {Tags}},
	isbn = {978-1-61779-870-2},
	language = {en},
	urldate = {2022-07-01},
	booktitle = {Data {Production} and {Analysis} in {Population} {Genomics}: {Methods} and {Protocols}},
	publisher = {Humana Press},
	author = {Hohenlohe, Paul A. and Catchen, Julian and Cresko, William A.},
	editor = {Pompanon, François and Bonin, Aurélie},
	year = {2012},
	doi = {10.1007/978-1-61779-870-2_14},
	keywords = {Evolution, Genetic mapping, Genomics, Genotyping, Next-generation sequencing, Population genetics, RAD-seq, Single nucleotide polymorphisms},
	pages = {235--260},
}

@article{pracana_fire_2017,
	title = {Fire ant social chromosomes: {Differences} in number, sequence and expression of odorant binding proteins},
	volume = {1},
	issn = {2056-3744},
	shorttitle = {Fire ant social chromosomes},
	doi = {10.1002/evl3.22},
	language = {en},
	number = {4},
	urldate = {2022-07-07},
	journal = {Evolution Letters},
	author = {Pracana, Rodrigo and Levantis, Ilya and Martínez-Ruiz, Carlos and Stolle, Eckart and Priyam, Anurag and Wurm, Yannick},
	year = {2017},
	keywords = {Green beard, olfaction, pheromone, social behavior, social chromosome, Solenopsis invicta, supergene},
	pages = {199--210},
}

@article{bourgeois_overview_2021,
	title = {An overview of current population genomics methods for the analysis of whole-genome resequencing data in eukaryotes},
	volume = {30},
	issn = {1365-294X},
	doi = {10.1111/mec.15989},
	language = {en},
	number = {23},
	urldate = {2022-05-30},
	journal = {Molecular Ecology},
	author = {Bourgeois, Yann X. C. and Warren, Ben H.},
	year = {2021},
	keywords = {selection, population genomics, bioinformatics, demography, whole-genome sequencing},
	pages = {6036--6071},
}

@article{ahrens_search_2018,
	title = {The search for loci under selection: trends, biases and progress},
	volume = {27},
	issn = {1365-294X},
	shorttitle = {The search for loci under selection},
	doi = {10.1111/mec.14549},
	language = {en},
	number = {6},
	urldate = {2022-03-02},
	journal = {Molecular Ecology},
	author = {Ahrens, Collin W. and Rymer, Paul D. and Stow, Adam and Bragg, Jason and Dillon, Shannon and Umbers, Kate D. L. and Dudaniec, Rachael Y.},
	year = {2018},
	keywords = {landscape genomics, adaptive genetic variation, environmental association analysis, FST outlier analysis, genotype by environment, single nucleotide polymorphism},
	pages = {1342--1356},
}


@article{catchen_unbroken_2017,
	title = {Unbroken: {RADseq} remains a powerful tool for understanding the genetics of adaptation in natural populations},
	volume = {17},
	issn = {1755-0998},
	shorttitle = {Unbroken},
	doi = {10.1111/1755-0998.12669},
	language = {en},
	number = {3},
	urldate = {2022-06-07},
	journal = {Molecular Ecology Resources},
	author = {Catchen, Julian M. and Hohenlohe, Paul A. and Bernatchez, Louis and Funk, W. Chris and Andrews, Kimberly R. and Allendorf, Fred W.},
	year = {2017},
	keywords = {genome scan, linkage disequilibrium, RADseq, selection},
	pages = {362--365},
}

@article{sunde_comparing_2020,
	title = {Comparing the {Performance} of {Microsatellites} and {RADseq} in {Population} {Genetic} {Studies}: {Analysis} of {Data} for {Pike} ({Esox} lucius) and a {Synthesis} of {Previous} {Studies}},
	volume = {11},
	issn = {1664-8021},
	shorttitle = {Comparing the {Performance} of {Microsatellites} and {RADseq} in {Population} {Genetic} {Studies}},
	urldate = {2022-06-08},
	journal = {Frontiers in Genetics},
	author = {Sunde, Johanna and Yıldırım, Yeşerin and Tibblin, Petter and Forsman, Anders},
	year = {2020},
	pages = {218},
}

@article{baird_rapid_2008,
	title = {Rapid {SNP} {Discovery} and {Genetic} {Mapping} {Using} {Sequenced} {RAD} {Markers}},
	volume = {3},
	issn = {1932-6203},
	doi = {10.1371/journal.pone.0003376},
	language = {en},
	number = {10},
	urldate = {2022-07-07},
	journal = {PLOS ONE},
	author = {Baird, Nathan A. and Etter, Paul D. and Atwood, Tressa S. and Currey, Mark C. and Shiver, Anthony L. and Lewis, Zachary A. and Selker, Eric U. and Cresko, William A. and Johnson, Eric A.},
	month = oct,
	year = {2008},
	keywords = {Gene mapping, Gene pool, Genetic mapping, Genomics, Genotyping, Nucleotide sequencing, Single nucleotide polymorphisms, Sticklebacks},
	pages = {e3376},
}

@article{van_dijk_ten_2014,
	title = {Ten years of next-generation sequencing technology},
	volume = {30},
	issn = {0168-9525},
	doi = {10.1016/j.tig.2014.07.001},
	language = {en},
	number = {9},
	urldate = {2022-07-07},
	journal = {Trends in Genetics},
	author = {van Dijk, Erwin L. and Auger, Hélène and Jaszczyszyn, Yan and Thermes, Claude},
	month = sep,
	year = {2014},
	keywords = {ChIP-seq, DNA-seq, genomics, Next-generation sequencing (NGS), NGS library preparation, RNA-seq},
	pages = {418--426},
}

@article{hu_next-generation_2021,
	series = {Next {Generation} {Sequencing} and its {Application} to {Medical} {Laboratory} {Immunology}},
	title = {Next-generation sequencing technologies: {An} overview},
	volume = {82},
	issn = {0198-8859},
	shorttitle = {Next-generation sequencing technologies},
	doi = {10.1016/j.humimm.2021.02.012},
	language = {en},
	number = {11},
	urldate = {2022-07-07},
	journal = {Human Immunology},
	author = {Hu, Taishan and Chitnis, Nilesh and Monos, Dimitri and Dinh, Anh},
	month = nov,
	year = {2021},
	keywords = {Long-read sequencing, Next-generation sequencing, Short-read sequencing},
	pages = {801--811},
}

@article{miller_rapid_2007,
	title = {Rapid and cost-effective polymorphism identification and genotyping using restriction site associated {DNA} ({RAD}) markers},
	volume = {17},
	issn = {1088-9051, 1549-5469},
	doi = {10.1101/gr.5681207},
	language = {en},
	number = {2},
	urldate = {2022-07-07},
	journal = {Genome Research},
	author = {Miller, Michael R. and Dunham, Joseph P. and Amores, Angel and Cresko, William A. and Johnson, Eric A.},
	month = jan,
	year = {2007},
	pmid = {17189378},
	pages = {240--248},
}

@article{manel_genomic_2016,
	title = {Genomic resources and their influence on the detection of the signal of positive selection in genome scans},
	volume = {25},
	issn = {1365-294X},
	doi = {10.1111/mec.13468},
	language = {en},
	number = {1},
	urldate = {2022-03-02},
	journal = {Molecular Ecology},
	author = {Manel, S. and Perrier, C. and Pratlong, M. and Abi-Rached, L. and Paganini, J. and Pontarotti, P. and Aurelle, D.},
	year = {2016},
	keywords = {conservation biology, landscape genetics, landscape genomics, local adaptation, natural population, population genomics},
	pages = {170--184},
}

@article{chavez-galarza_signatures_2013,
	title = {Signatures of selection in the {Iberian} honey bee ({Apis} mellifera iberiensis) revealed by a genome scan analysis of single nucleotide polymorphisms},
	volume = {22},
	issn = {1365-294X},
	doi = {10.1111/mec.12537},
	language = {en},
	number = {23},
	urldate = {2022-05-19},
	journal = {Molecular Ecology},
	author = {Chávez-Galarza, Julio and Henriques, Dora and Johnston, J. Spencer and Azevedo, João C. and Patton, John C. and Muñoz, Irene and De la Rúa, Pilar and Pinto, M. Alice},
	year = {2013},
	keywords = {genome scan, single nucleotide polymorphism, balancing selection, FST outlier tests, Apis mellifera iberiensis, directional selection},
	pages = {5890--5907},
}


@article{colgan_genomic_2022,
	title = {Genomic {Signatures} of {Recent} {Adaptation} in a {Wild} {Bumblebee}},
	volume = {39},
	issn = {1537-1719},
	doi = {10.1093/molbev/msab366},
	number = {2},
	urldate = {2022-04-11},
	journal = {Molecular Biology and Evolution},
	author = {Colgan, Thomas J and Arce, Andres N and Gill, Richard J and Ramos Rodrigues, Ana and Kanteh, Abdoulie and Duncan, Elizabeth J and Li, Li and Chittka, Lars and Wurm, Yannick},
	month = feb,
	year = {2022},
	pages = {msab366},
}

@article{rochette_deriving_2017,
	title = {Deriving genotypes from {RAD}-seq short-read data using {Stacks}},
	volume = {12},
	copyright = {2017 Nature Publishing Group, a division of Macmillan Publishers Limited. All Rights Reserved.},
	issn = {1750-2799},
	doi = {10.1038/nprot.2017.123},
	language = {en},
	number = {12},
	urldate = {2022-02-15},
	journal = {Nature Protocols},
	author = {Rochette, Nicolas C. and Catchen, Julian M.},
	month = dec,
	year = {2017},
	keywords = {Evolutionary genetics, Genetic variation, Genome informatics, Genotype, Software},
	pages = {2640--2659},
}


@article{danecek_variant_2011,
	title = {The variant call format and {VCFtools}},
	volume = {27},
	issn = {1367-4803},
	doi = {10.1093/bioinformatics/btr330},
	number = {15},
	urldate = {2022-07-15},
	journal = {Bioinformatics},
	author = {Danecek, Petr and Auton, Adam and Abecasis, Goncalo and Albers, Cornelis A. and Banks, Eric and DePristo, Mark A. and Handsaker, Robert E. and Lunter, Gerton and Marth, Gabor T. and Sherry, Stephen T. and McVean, Gilean and Durbin, Richard and {1000 Genomes Project Analysis Group}},
	month = aug,
	year = {2011},
	pages = {2156--2158},
}


@article{sherman_david_2022,
	title = {{DAVID}: a web server for functional enrichment analysis and functional annotation of gene lists (2021 update)},
	shorttitle = {{DAVID}},
	doi = {10.1093/nar/gkac194},
	journal = {Nucleic acids research},
	author = {Sherman, Brad and Hao, Ming and Leidos, Lhri and Jiao, Xiaoli and Baseler, Michael and Lane, H and Imamichi, Tomozumi and Chang, Weizhong},
	month = mar,
	year = {2022},
}

@article{huang_systematic_2009,
	title = {Systematic and integrative analysis of large gene lists using {DAVID} bioinformatics resources},
	volume = {4},
	copyright = {2009 Nature Publishing Group},
	issn = {1750-2799},
	doi = {10.1038/nprot.2008.211},
	language = {en},
	number = {1},
	urldate = {2022-07-25},
	journal = {Nature Protocols},
	author = {Huang, Da Wei and Sherman, Brad T. and Lempicki, Richard A.},
	month = jan,
	year = {2009},
	pages = {44--57},
}


@article{rangwala_accessing_2021,
	title = {Accessing {NCBI} data using the {NCBI} {Sequence} {Viewer} and {Genome} {Data} {Viewer} ({GDV})},
	volume = {31},
	issn = {1088-9051, 1549-5469},
	doi = {10.1101/gr.266932.120},
	language = {en},
	number = {1},
	urldate = {2022-07-25},
	journal = {Genome Research},
	author = {Rangwala, Sanjida H. and Kuznetsov, Anatoliy and Ananiev, Victor and Asztalos, Andrea and Borodin, Evgeny and Evgeniev, Vladislav and Joukov, Victor and Lotov, Vadim and Pannu, Ravinder and Rudnev, Dmitry and Shkeda, Andrew and Weitz, Eric M. and Schneider, Valerie A.},
	month = jan,
	year = {2021},
	pmid = {33239395},
	pages = {159--169},
}


@article{ashburner_gene_2000,
	title = {Gene {Ontology}: tool for the unification of biology},
	volume = {25},
	copyright = {2000 Nature America Inc.},
	issn = {1546-1718},
	shorttitle = {Gene {Ontology}},
	doi = {10.1038/75556},
	language = {en},
	number = {1},
	urldate = {2022-08-04},
	journal = {Nature Genetics},
	author = {Ashburner, Michael and Ball, Catherine A. and Blake, Judith A. and Botstein, David and Butler, Heather and Cherry, J. Michael and Davis, Allan P. and Dolinski, Kara and Dwight, Selina S. and Eppig, Janan T. and Harris, Midori A. and Hill, David P. and Issel-Tarver, Laurie and Kasarskis, Andrew and Lewis, Suzanna and Matese, John C. and Richardson, Joel E. and Ringwald, Martin and Rubin, Gerald M. and Sherlock, Gavin},
	month = may,
	year = {2000},
	pages = {25--29}
}

@article{the_gene_ontology_consortium_gene_2021,
	title = {The {Gene} {Ontology} resource: enriching a {GOld} mine},
	volume = {49},
	issn = {0305-1048},
	shorttitle = {The {Gene} {Ontology} resource},
	doi = {10.1093/nar/gkaa1113},
	number = {D1},
	urldate = {2022-08-04},
	journal = {Nucleic Acids Research},
	author = {{The Gene Ontology Consortium}},
	month = jan,
	year = {2021},
	pages = {D325--D334},
}


@article{manak_mutation_2002,
	title = {Mutation of the {Drosophila} homologue of the {Myb} protooncogene causes genomic instability},
	volume = {99},
	doi = {10.1073/pnas.122231599},
	number = {11},
	urldate = {2022-08-04},
	journal = {Proceedings of the National Academy of Sciences},
	author = {Manak, J. Robert and Mitiku, Nesanet and Lipsick, Joseph S.},
	month = may,
	year = {2002},
	pages = {7438--7443},
}

@article{walker_reduced_2006,
	title = {Reduced growth of {Drosophila} neurofibromatosis 1 mutants reflects a non-cell-autonomous requirement for {GTPase}-{Activating} {Protein} activity in larval neurons},
	volume = {20},
	issn = {0890-9369, 1549-5477},
	doi = {10.1101/gad.1466806},
	language = {en},
	number = {23},
	urldate = {2022-08-04},
	journal = {Genes \& Development},
	author = {Walker, James A. and Tchoudakova, Anna V. and McKenney, Peter T. and Brill, Suzanne and Wu, Dongyun and Cowley, Glenn S. and Hariharan, Iswar K. and Bernards, André},
	month = jan,
	year = {2006},
	pmid = {17114577},
	pages = {3311--3323},
}

@article{diao_genomic_2018,
	title = {Genomic and transcriptomic analysis of the {Asian} honeybee {Apis} cerana provides novel insights into honeybee biology},
	volume = {8},
	copyright = {2018 The Author(s)},
	issn = {2045-2322},
	doi = {10.1038/s41598-017-17338-6},
	language = {en},
	number = {1},
	urldate = {2022-08-05},
	journal = {Scientific Reports},
	author = {Diao, Qingyun and Sun, Liangxian and Zheng, Huajun and Zeng, Zhijiang and Wang, Shengyue and Xu, Shufa and Zheng, Huoqing and Chen, Yanping and Shi, Yuanyuan and Wang, Yuezhu and Meng, Fei and Sang, Qingliang and Cao, Lianfei and Liu, Fang and Zhu, Yongqiang and Li, Wenfeng and Li, Zhiguo and Dai, Congjie and Yang, Minjun and Chen, Shenglu and Chen, Runsheng and Zhang, Shaowu and Evans, Jay D. and Huang, Qiang and Liu, Jie and Hu, Fuliang and Su, Songkun and Wu, Jie},
	month = jan,
	year = {2018},
	keywords = {DNA sequencing, RNA sequencing},
	pages = {822},
}

@article{saint-pol_new_2017,
	title = {New insights into the tetraspanin {Tspan5} using novel monoclonal antibodies},
	volume = {292},
	issn = {0021-9258, 1083-351X},
	doi = {10.1074/jbc.M116.765669},
	language = {English},
	number = {23},
	urldate = {2022-08-05},
	journal = {Journal of Biological Chemistry},
	author = {Saint-Pol, Julien and Billard, Martine and Dornier, Emmanuel and Eschenbrenner, Etienne and Danglot, Lydia and Boucheix, Claude and Charrin, Stéphanie and Rubinstein, Eric},
	month = jul,
	year = {2017},
	pmid = {28428248},
	pages = {9551--9566},
}


@article{roat_using_2020,
	title = {Using a toxicoproteomic approach to investigate the effects of thiamethoxam into the brain of {Apis} mellifera},
	volume = {258},
	issn = {0045-6535},
	doi = {10.1016/j.chemosphere.2020.127362},
	language = {en},
	urldate = {2022-08-03},
	journal = {Chemosphere},
	author = {Roat, Thaisa C. and Santos-Pinto, José Roberto Aparecido dos and Miotelo, Lucas and de Souza, Caroline Lacerra and Palma, Mario Sergio and Malaspina, Osmar},
	month = nov,
	year = {2020},
	keywords = {Bee brain, Insecticide, Label-free quantitation, Neonicotinoid, Shotgun proteomics},
	pages = {127362},
}


@article{potts_global_2010,
	title = {Global pollinator declines: trends, impacts and drivers},
	volume = {25},
	issn = {0169-5347},
	shorttitle = {Global pollinator declines},
	doi = {10.1016/j.tree.2010.01.007},
	language = {en},
	number = {6},
	urldate = {2022-04-27},
	journal = {Trends in Ecology \& Evolution},
	author = {Potts, Simon G. and Biesmeijer, Jacobus C. and Kremen, Claire and Neumann, Peter and Schweiger, Oliver and Kunin, William E.},
	month = jun,
	year = {2010},
	pages = {345--353},
}

@article{maebe_bumblebee_2021,
	title = {Bumblebee resilience to climate change, through plastic and adaptive responses},
	volume = {27},
	issn = {1365-2486},
	doi = {10.1111/gcb.15751},
	language = {en},
	number = {18},
	urldate = {2022-08-02},
	journal = {Global Change Biology},
	author = {Maebe, Kevin and Hart, Alex F. and Marshall, Leon and Vandamme, Peter and Vereecken, Nicolas J. and Michez, Denis and Smagghe, Guy},
	year = {2021},
	keywords = {adaptation, dispersal, bumblebees, climate change, desiccation, evolutionary potential, heat shock proteins, phenology, phenotypic plasticity, thermoregulation},
	pages = {4223--4237},
}


@article{bebane_effects_2019,
	title = {The effects of the neonicotinoid imidacloprid on gene expression and {DNA} methylation in the buff-tailed bumblebee {Bombus} terrestris},
	volume = {286},
	doi = {10.1098/rspb.2019.0718},
	number = {1905},
	urldate = {2022-07-27},
	journal = {Proceedings of the Royal Society B: Biological Sciences},
	author = {Bebane, P. S. A. and Hunt, B. J. and Pegoraro, M. and Jones, A. R. C and Marshall, H. and Rosato, E. and Mallon, E. B.},
	month = jun,
	year = {2019},
	keywords = {RNA-seq, epigenetics, BS-seq, methylome, pesticide, social insects},
	pages = {20190718},
}

@article{colgan_caste-_2019,
	title = {Caste- and pesticide-specific effects of neonicotinoid pesticide exposure on gene expression in bumblebees},
	volume = {28},
	issn = {1365-294X},
	doi = {10.1111/mec.15047},
	language = {en},
	number = {8},
	urldate = {2022-08-02},
	journal = {Molecular Ecology},
	author = {Colgan, Thomas J. and Fletcher, Isabel K. and Arce, Andres N. and Gill, Richard J. and Ramos Rodrigues, Ana and Stolle, Eckart and Chittka, Lars and Wurm, Yannick},
	year = {2019},
	keywords = {ecotoxicology, molecular diagnostics, neonicotinoid insecticides, nicotinic acetylcholine receptors, pollinator health, xenobiotics},
	pages = {1964--1974},
}


@article{chen_drosophila_2015,
	title = {Drosophila {Ionotropic} {Receptor} 25a mediates circadian clock resetting by temperature},
	volume = {527},
	copyright = {2015 Nature Publishing Group, a division of Macmillan Publishers Limited. All Rights Reserved.},
	issn = {1476-4687},
	doi = {10.1038/nature16148},
	language = {en},
	number = {7579},
	urldate = {2022-08-05},
	journal = {Nature},
	author = {Chen, Chenghao and Buhl, Edgar and Xu, Min and Croset, Vincent and Rees, Johanna S. and Lilley, Kathryn S. and Benton, Richard and Hodge, James J. L. and Stanewsky, Ralf},
	month = nov,
	year = {2015},
	keywords = {Circadian mechanisms, Sensory processing},
	pages = {516--520},
}

@article{marchese_multidimensional_2017,
	title = {The multidimensional mechanisms of long noncoding {RNA} function},
	volume = {18},
	issn = {1474-760X},
	doi = {10.1186/s13059-017-1348-2},
	number = {1},
	urldate = {2022-08-05},
	journal = {Genome Biology},
	author = {Marchese, Francesco P. and Raimondi, Ivan and Huarte, Maite},
	month = oct,
	year = {2017},
	keywords = {lncRNAs, Negative Elongation Factor (NELF), Paraspeckles, Polycomb Repressive Complex 2 (PRC2), Signal Transducer And Activator Of Transcription (STAT3)},
	pages = {206},
}

@article{sadd_genomes_2015,
	title = {The genomes of two key bumblebee species with primitive eusocial organization},
	volume = {16},
	issn = {1465-6906},
	doi = {10.1186/s13059-015-0623-3},
	number = {1},
	urldate = {2022-08-04},
	journal = {Genome Biology},
	author = {Sadd, Ben M. and Barribeau, Seth M. and Bloch, Guy and de Graaf, Dirk C. and Dearden, Peter and Elsik, Christine G. and Gadau, Jürgen and Grimmelikhuijzen, Cornelis JP and Hasselmann, Martin and Lozier, Jeffrey D. and Robertson, Hugh M. and Smagghe, Guy and Stolle, Eckart and Van Vaerenbergh, Matthias and Waterhouse, Robert M. and Bornberg-Bauer, Erich and Klasberg, Steffen and Bennett, Anna K. and Câmara, Francisco and Guigó, Roderic and Hoff, Katharina and Mariotti, Marco and Munoz-Torres, Monica and Murphy, Terence and Santesmasses, Didac and Amdam, Gro V. and Beckers, Matthew and Beye, Martin and Biewer, Matthias and Bitondi, Márcia MG and Blaxter, Mark L. and Bourke, Andrew FG and Brown, Mark JF and Buechel, Severine D. and Cameron, Rossanah and Cappelle, Kaat and Carolan, James C. and Christiaens, Olivier and Ciborowski, Kate L. and Clarke, David F. and Colgan, Thomas J. and Collins, David H. and Cridge, Andrew G. and Dalmay, Tamas and Dreier, Stephanie and du Plessis, Louis and Duncan, Elizabeth and Erler, Silvio and Evans, Jay and Falcon, Tiago and Flores, Kevin and Freitas, Flávia CP and Fuchikawa, Taro and Gempe, Tanja and Hartfelder, Klaus and Hauser, Frank and Helbing, Sophie and Humann, Fernanda C. and Irvine, Frano and Jermiin, Lars S. and Johnson, Claire E. and Johnson, Reed M. and Jones, Andrew K. and Kadowaki, Tatsuhiko and Kidner, Jonathan H. and Koch, Vasco and Köhler, Arian and Kraus, F. Bernhard and Lattorff, H. Michael G. and Leask, Megan and Lockett, Gabrielle A. and Mallon, Eamonn B. and Antonio, David S. Marco and Marxer, Monika and Meeus, Ivan and Moritz, Robin FA and Nair, Ajay and Näpflin, Kathrin and Nissen, Inga and Niu, Jinzhi and Nunes, Francis MF and Oakeshott, John G. and Osborne, Amy and Otte, Marianne and Pinheiro, Daniel G. and Rossié, Nina and Rueppell, Olav and Santos, Carolina G. and Schmid-Hempel, Regula and Schmitt, Björn D. and Schulte, Christina and Simões, Zilá LP and Soares, Michelle PM and Swevers, Luc and Winnebeck, Eva C. and Wolschin, Florian and Yu, Na and Zdobnov, Evgeny M. and Aqrawi, Peshtewani K. and Blankenburg, Kerstin P. and Coyle, Marcus and Francisco, Liezl and Hernandez, Alvaro G. and Holder, Michael and Hudson, Matthew E. and Jackson, LaRonda and Jayaseelan, Joy and Joshi, Vandita and Kovar, Christie and Lee, Sandra L. and Mata, Robert and Mathew, Tittu and Newsham, Irene F. and Ngo, Robin and Okwuonu, Geoffrey and Pham, Christopher and Pu, Ling-Ling and Saada, Nehad and Santibanez, Jireh and Simmons, DeNard and Thornton, Rebecca and Venkat, Aarti and Walden, Kimberly KO and Wu, Yuan-Qing and Debyser, Griet and Devreese, Bart and Asher, Claire and Blommaert, Julie and Chipman, Ariel D. and Chittka, Lars and Fouks, Bertrand and Liu, Jisheng and O’Neill, Meaghan P. and Sumner, Seirian and Puiu, Daniela and Qu, Jiaxin and Salzberg, Steven L. and Scherer, Steven E. and Muzny, Donna M. and Richards, Stephen and Robinson, Gene E. and Gibbs, Richard A. and Schmid-Hempel, Paul and Worley, Kim C.},
	month = apr,
	year = {2015},
	keywords = {Bumblebee Species, Long Terminal Repeat, Odorant Receptor, Synteny Block, Transposable Element},
	pages = {76},
}


@article{liao_34-dihydroxyphenylacetaldehyde_2018,
	series = {Insect innate immunity in {China}},
	title = {3,4-{Dihydroxyphenylacetaldehyde} synthase and cuticle formation in insects},
	volume = {83},
	issn = {0145-305X},
	doi = {10.1016/j.dci.2017.11.007},
	language = {en},
	urldate = {2022-07-26},
	journal = {Developmental \& Comparative Immunology},
	author = {Liao, Chenghong and Upadhyay, Archana and Liang, Jing and Han, Qian and Li, Jianyong},
	month = jun,
	year = {2018},
	keywords = {3,4-Dihydroxyphenylacetaldehyde, 3,4-Dihydroxyphenylacetaldehyde synthase, Cuticle, Insect, α-methyl dopa resistant protein},
	pages = {44--50},
}

@article{kucharski_novel_2007,
	title = {Novel cuticular proteins revealed by the honey bee genome},
	volume = {37},
	issn = {0965-1748},
	doi = {10.1016/j.ibmb.2006.10.009},
	language = {en},
	number = {2},
	urldate = {2022-08-05},
	journal = {Insect Biochemistry and Molecular Biology},
	author = {Kucharski, R. and Maleszka, J. and Maleszka, R.},
	month = feb,
	year = {2007},
	keywords = {Flexible cuticle, Genome annotation, Hydrophobic proteins, Trachea},
	pages = {128--134},
}

@article{jackson_local_2020,
	title = {Local adaptation across a complex bioclimatic landscape in two montane bumble bee species},
	volume = {29},
	issn = {1365-294X},
	doi = {10.1111/mec.15376},
	language = {en},
	number = {5},
	urldate = {2022-08-02},
	journal = {Molecular Ecology},
	author = {Jackson, Jason M. and Pimsler, Meaghan L. and Oyen, Kennan J. and Strange, James P. and Dillon, Michael E. and Lozier, Jeffrey D.},
	year = {2020},
	keywords = {bumble bee, climate adaptation, genetic variation},
	pages = {920--939},
}


@article{zou_comparative_2006,
	title = {Comparative analysis of serine protease-related genes in the honey bee genome: possible involvement in embryonic development and innate immunity},
	volume = {15},
	issn = {1365-2583},
	shorttitle = {Comparative analysis of serine protease-related genes in the honey bee genome},
	doi = {10.1111/j.1365-2583.2006.00684.x},
	language = {en},
	number = {5},
	urldate = {2022-07-26},
	journal = {Insect Molecular Biology},
	author = {Zou, Z. and Lopez, Dawn L. and Kanost, Michael R. and Evans, Jay D. and Jiang, Haobo},
	year = {2006},
	keywords = {Apis mellifera, clip domain, insect immunity, phylogenetic analysis, protease cascade., serine protease homolog, serpin},
	pages = {603--614},
}

@article{fujita_proteomic_2013,
	title = {Proteomic {Analysis} of the {Royal} {Jelly} and {Characterization} of the {Functions} of its {Derivation} {Glands} in the {Honeybee}},
	volume = {12},
	issn = {1535-3893},
	doi = {10.1021/pr300700e},
	number = {1},
	urldate = {2022-08-08},
	journal = {Journal of Proteome Research},
	author = {Fujita, Toshiyuki and Kozuka-Hata, Hiroko and Ao-Kondo, Hiroko and Kunieda, Takekazu and Oyama, Masaaki and Kubo, Takeo},
	month = jan,
	year = {2013},
	pages = {404--411},
}


@article{bayer_genetic_2003,
	title = {Genetic {Interactions} {Between} the {RhoA} and {Stubble}-stubbloid {Loci} {Suggest} a {Role} for a {Type} {II} {Transmembrane} {Serine} {Protease} in {Intracellular} {Signaling} {During} {Drosophila} {Imaginal} {Disc} {Morphogenesis}},
	volume = {165},
	issn = {1943-2631},
	doi = {10.1093/genetics/165.3.1417},
	number = {3},
	urldate = {2022-07-13},
	journal = {Genetics},
	author = {Bayer, Cynthia A and Halsell, Susan R and Fristrom, James W and Kiehart, Daniel P and von Kalm, Laurence},
	month = nov,
	year = {2003},
	pages = {1417--1432},
}


@article{brunner_pangolin_1997,
	title = {pangolin encodes a {Lef}-1 homologue that acts downstream of {Armadillo} to transduce the {Wingless} signal in {Drosophila}},
	volume = {385},
	copyright = {1997 Nature Publishing Group},
	issn = {1476-4687},
	doi = {10.1038/385829a0},
	language = {en},
	number = {6619},
	urldate = {2022-08-08},
	journal = {Nature},
	author = {Brunner, Erich and Peter, Oliver and Schweizer, Liang and Basler, Konrad},
	month = feb,
	year = {1997},
	keywords = {Humanities and Social Sciences, multidisciplinary, Science},
	pages = {829--833},
}

@article{lozier_revisiting_2014,
	title = {Revisiting comparisons of genetic diversity in stable and declining species: assessing genome-wide polymorphism in {North} {American} bumble bees using {RAD} sequencing},
	volume = {23},
	issn = {1365-294X},
	shorttitle = {Revisiting comparisons of genetic diversity in stable and declining species},
	doi = {10.1111/mec.12636},
	language = {en},
	number = {4},
	urldate = {2022-05-11},
	journal = {Molecular Ecology},
	author = {Lozier, J. D.},
	year = {2014},
	keywords = {population genomics, pollinator conservation, demographic modelling, heterozygosity, RAD tags, single-nucleotide polymorphisms},
	pages = {788--801},
}


@article{siviter_quantifying_2018,
	title = {Quantifying the impact of pesticides on learning and memory in bees},
	volume = {55},
	issn = {1365-2664},
	doi = {10.1111/1365-2664.13193},
	language = {en},
	number = {6},
	urldate = {2022-08-09},
	journal = {Journal of Applied Ecology},
	author = {Siviter, Harry and Koricheva, Julia and Brown, Mark J. F. and Leadbeater, Ellouise},
	year = {2018},
	keywords = {agricultural policy, bees, cognition, insecticide, neonicotinoid, pesticide, pollination, pollinators},
	pages = {2812--2821},
}


@article{fouks_recognition_2011,
	title = {Recognition and {Avoidance} of {Contaminated} {Flowers} by {Foraging} {Bumblebees} ({Bombus} terrestris)},
	volume = {6},
	issn = {1932-6203},
	doi = {10.1371/journal.pone.0026328},
	language = {en},
	number = {10},
	urldate = {2022-08-09},
	journal = {PLOS ONE},
	author = {Fouks, Bertrand and Lattorff, H. Michael G.},
	month = oct,
	year = {2011},
	keywords = {Animal flight, Bees, Bumblebees, Escherichia coli, Flowers, Foraging, Insect flight, Parasitic diseases},
	pages = {147--158},
}


@article{ellis_patterns_2012,
	title = {Patterns of selection and polymorphism of innate immunity genes in bumblebees ({Hymenoptera}: {Apidae})},
	volume = {140},
	issn = {1573-6857},
	shorttitle = {Patterns of selection and polymorphism of innate immunity genes in bumblebees ({Hymenoptera}},
	doi = {10.1007/s10709-012-9672-7},
	language = {en},
	number = {4},
	urldate = {2022-08-02},
	journal = {Genetica},
	author = {Ellis, J. S. and Turner, L. M. and Knight, M. E.},
	month = jun,
	year = {2012},
	keywords = {Evolutionary genetics, Bombus, Conservation, Innate immunity, Social insects},
	pages = {205--217},
}


@article{haas_phylogenomic_2022,
	title = {Phylogenomic and functional characterization of an evolutionary conserved cytochrome {P450}-based insecticide detoxification mechanism in bees},
	volume = {119},
	doi = {10.1073/pnas.2205850119},
	number = {26},
	urldate = {2022-08-10},
	journal = {Proceedings of the National Academy of Sciences},
	author = {Haas, Julian and Hayward, Angela and Buer, Benjamin and Maiwald, Frank and Nebelsiek, Birgit and Glaubitz, Johannes and Bass, Chris and Nauen, Ralf},
	month = jun,
	year = {2022},
	pages = {e2205850119},
}


@article{ayasse_mating_2001,
	title = {Mating {Behavior} and {Chemical} {Communication} in the {Order} {Hymenoptera}},
	volume = {46},
	doi = {10.1146/annurev.ento.46.1.31},
	number = {1},
	urldate = {2022-08-10},
	journal = {Annual Review of Entomology},
	author = {Ayasse, M. and Paxton, R. J. and Tengö, J.},
	year = {2001},
	pmid = {11112163},
	pages = {31--78},
}

@article{woodard_molecular_2015,
	title = {Molecular tools and bumble bees: revealing hidden details of ecology and evolution in a model system},
	volume = {24},
	issn = {1365-294X},
	shorttitle = {Molecular tools and bumble bees},
	doi = {10.1111/mec.13198},
	language = {en},
	number = {12},
	urldate = {2022-05-11},
	journal = {Molecular Ecology},
	author = {Woodard, S. Hollis and Lozier, Jeffrey D. and Goulson, David and Williams, Paul H. and Strange, James P. and Jha, Shalene},
	year = {2015},
	pages = {2916--2936},
}
























@article{sun_myo1f_2021,
	title = {{MYO1F} regulates antifungal immunity by regulating acetylation of microtubules},
	volume = {118},
	doi = {10.1073/pnas.2100230118},
	number = {30},
	urldate = {2022-08-11},
	journal = {Proceedings of the National Academy of Sciences},
	author = {Sun, Wanwei and Ma, Xiaojian and Wang, Heping and Du, Yanyun and Chen, Jianwen and Hu, Huijun and Gao, Ru and He, Ruirui and Peng, Qianwen and Cui, Zhihui and Zhang, Huazhi and Wang, Junhan and Jia, Xinming and Martin, Bradley N. and Zhang, Cun-Jin and Li, Xiaoxia and Wang, Chenhui},
	month = jul,
	year = {2021},
	pages = {e2100230118},
}

@article{lee_lasp_2008,
	title = {Lasp anchors the {Drosophila} male stem cell niche and mediates spermatid individualization},
	volume = {125},
	issn = {0925-4773},
	doi = {10.1016/j.mod.2008.06.012},
	language = {en},
	number = {9},
	urldate = {2022-08-11},
	journal = {Mechanisms of Development},
	author = {Lee, Soojin and Zhou, Lili and Kim, Jieun and Kalbfleisch, Stephen and Schöck, Frieder},
	month = sep,
	year = {2008},
	pages = {768--776},
}

@article{murin_expression_2008,
	title = {Expression of 3-hydroxyisobutyrate dehydrogenase in cultured neural cells},
	volume = {105},
	issn = {1471-4159},
	doi = {10.1111/j.1471-4159.2008.05298.x},
	language = {en},
	number = {4},
	urldate = {2022-08-11},
	journal = {Journal of Neurochemistry},
	author = {Murín, Radovan and Schaer, Andreas and Kowtharapu, Bhavani S. and Verleysdonk, Stephan and Hamprecht, Bernd},
	year = {2008},
	pages = {1176--1186},
}

@article{pei_flyxcdbresource_2018,
	title = {{FlyXCDB}—{A} {Resource} for {Drosophila} {Cell} {Surface} and {Secreted} {Proteins} and {Their} {Extracellular} {Domains}},
	volume = {430},
	issn = {0022-2836},
	doi = {10.1016/j.jmb.2018.06.002},
	language = {en},
	number = {18, Part B},
	urldate = {2022-08-11},
	journal = {Journal of Molecular Biology},
	author = {Pei, Jimin and Kinch, Lisa N. and Grishin, Nick V.},
	month = sep,
	year = {2018},
	pages = {3353--3411},
}

@article{alliel_myoneurin_2000,
	title = {Myoneurin, a {Novel} {Member} of the {BTB}/{POZ}–{Zinc} {Finger} {Family} {Highly} {Expressed} in {Human} {Muscle}},
	volume = {273},
	issn = {0006-291X},
	doi = {10.1006/bbrc.2000.2862},
	language = {en},
	number = {1},
	urldate = {2022-08-11},
	journal = {Biochemical and Biophysical Research Communications},
	author = {Alliel, Patrick M. and Seddiqi, Nadia and Goudou, Danièle and Cifuentes-Diaz, Carmen and Romero, Norma and Velasco, Elena and Rieger, François and Périn, Jean-Pierre},
	month = jun,
	year = {2000},
	pages = {385--391},
}

@article{schoneberg_latrophilins_2019,
	title = {Latrophilins and {Teneurins} in {Invertebrates}: {No} {Love} for {Each} {Other}?},
	volume = {13},
	issn = {1662-453X},
	shorttitle = {Latrophilins and {Teneurins} in {Invertebrates}},
	urldate = {2022-08-05},
	journal = {Frontiers in Neuroscience},
	author = {Schöneberg, Torsten and Prömel, Simone},
	year = {2019},
}

@article{dong_cathepsin-l_2015,
	title = {A {Cathepsin}-{L} is required for invasive behavior during {Air} {Sac} {Primordium} development in {Drosophila} melanogaster},
	volume = {589},
	issn = {0014-5793},
	doi = {10.1016/j.febslet.2015.08.036},
	language = {en},
	number = {20, Part B},
	urldate = {2022-08-11},
	journal = {FEBS Letters},
	author = {Dong, Qian and Brenneman, Breanna and Fields, Christopher and Srivastava, Ajay},
	month = oct,
	year = {2015},
	keywords = {Air Sac Primordium, Basement Membrane, Cathepsin-L, Cysteine Protease, Imaginal disc, Invasive behavior, Lung development},
	pages = {3090--3097},
}

@article{debat_developmental_2011,
	title = {Developmental {Stability}: {A} {Major} {Role} for {Cyclin} {G} in {Drosophila} melanogaster},
	volume = {7},
	issn = {1553-7404},
	shorttitle = {Developmental {Stability}},
	doi = {10.1371/journal.pgen.1002314},
	language = {en},
	number = {10},
	urldate = {2022-08-11},
	journal = {PLOS Genetics},
	author = {Debat, Vincent and Bloyer, Sébastien and Faradji, Floria and Gidaszewski, Nelly and Navarro, Nicolas and Orozco-terWengel, Pablo and Ribeiro, Valérie and Schlötterer, Christian and Deutsch, Jean S. and Peronnet, Frédérique},
	month = oct,
	year = {2011},
	keywords = {Cell cycle and cell division, Cell growth, Cyclins, Drosophila melanogaster, Femur, Genetic polymorphism, Genetics, Hyperexpression techniques},
	pages = {e1002314},
}

@article{cao2011drosophila,
	title={A Drosophila metallophosphoesterase mediates deglycosylation of rhodopsin},
	author={Cao, Jinguo and Li, Yi and Xia, Wenjing and Reddig, Keith and Hu, Wen and Xie, Wei and Li, Hong-Sheng and Han, Junhai},
	journal={The EMBO journal},
	volume={30},
	number={18},
	pages={3701--3713},
	year={2011},
	publisher={John Wiley \& Sons, Ltd Chichester, UK}
}

@article{hosseini_splice-altering_2019,
	title = {A splice-altering variant in {LARP7} gene leads to exon exclusion},
	volume = {15},
	issn = {2452-0144},
	doi = {10.1016/j.genrep.2019.100375},
	language = {en},
	urldate = {2022-08-11},
	journal = {Gene Reports},
	author = {Hosseini, M. and Larti, F. and Fattahi, Z. and Najmabadi, H. and Kahrizi, K.},
	month = jun,
	year = {2019},
	keywords = {Intellectual disability, Splice donor site mutation},
	pages = {100375},
}

@article{edogbanya_evolution_2021,
	title = {Evolution, structure and emerging roles of {C1ORF112} in {DNA} replication, {DNA} damage responses, and cancer},
	volume = {78},
	issn = {1420-9071},
	doi = {10.1007/s00018-021-03789-8},
	language = {en},
	number = {9},
	urldate = {2022-08-11},
	journal = {Cellular and Molecular Life Sciences},
	author = {Edogbanya, Jacob and Tejada‐Martinez, Daniela and Jones, Nigel J. and Jaiswal, Amit and Bell, Sarah and Cordeiro, Rui and van Dam, Sipko and Rigden, Daniel J. and de Magalhães, João Pedro},
	month = may,
	year = {2021},
	keywords = {BC055324, DNA repair, Fanconi anaemia, Oncogene, Tumour},
	pages = {4365--4376},
}
@article{mishra_lrsam1_2019,
	title = {{LRSAM1} {E3} ubiquitin ligase: molecular neurobiological perspectives linked with brain diseases},
	volume = {76},
	issn = {1420-9071},
	shorttitle = {{LRSAM1} {E3} ubiquitin ligase},
	doi = {10.1007/s00018-019-03055-y},
	language = {en},
	number = {11},
	urldate = {2022-08-11},
	journal = {Cellular and Molecular Life Sciences},
	author = {Mishra, Ribhav and Upadhyay, Arun and Prajapati, Vijay Kumar and Dhiman, Rohan and Poluri, Krishna Mohan and Jana, Nihar Ranjan and Mishra, Amit},
	month = jun,
	year = {2019},
	pages = {2093--2110},
}

@article{martin_analysis_2018,
	title = {Analysis of {Drosophila} {STING} {Reveals} an {Evolutionarily} {Conserved} {Antimicrobial} {Function}},
	volume = {23},
	issn = {2211-1247},
	doi = {10.1016/j.celrep.2018.05.029},
	language = {en},
	number = {12},
	urldate = {2022-08-11},
	journal = {Cell Reports},
	author = {Martin, Marina and Hiroyasu, Aoi and Guzman, R. Marena and Roberts, Steven A. and Goodman, Alan G.},
	month = jun,
	year = {2018},
	keywords = {antimicrobial peptide, CG7194, cGAS, cricket paralysis virus, gene set enrichment analysis, IMD, invertebrate iridescent virus 6, NFkB, Relish},
	pages = {3537--3550.e6},
}
@article{shiratsuchi_cloning_1998,
	title = {Cloning and {Characterization} of {BAP3} ({BAI}-{Associated} {Protein} 3), a {C2} {Domain}-{Containing} {Protein} {That} {Interacts} with {BAI1}},
	volume = {251},
	issn = {0006-291X},
	doi = {10.1006/bbrc.1998.9408},
	language = {en},
	number = {1},
	urldate = {2022-08-11},
	journal = {Biochemical and Biophysical Research Communications},
	author = {Shiratsuchi, Takayuki and Oda, Katsutoshi and Nishimori, Hiroyuki and Suzuki, Mikio and Takahashi, Eiichi and Tokino, Takash and Nakamura, Yusuke},
	month = oct,
	year = {1998},
	pages = {158--165},
}
@article{ward2002gtp,
	title={The GTP binding proteins Gem and Rad are negative regulators of the Rho--Rho kinase pathway},
	author={Ward, Yvona and Yap, Seow-Fong and Ravichandran, V and Matsumura, Fumio and Ito, Masaaki and Spinelli, Beth and Kelly, Kathleen},
	journal={The Journal of cell biology},
	volume={157},
	number={2},
	pages={291--302},
	year={2002},
	publisher={Rockefeller University Press}
}

@article{park_rac1_2013,
	title = {Rac1 mediates cytokine-stimulated hemocyte spreading via prostaglandin biosynthesis in the beet armyworm, {Spodoptera} exigua},
	volume = {59},
	issn = {0022-1910},
	doi = {10.1016/j.jinsphys.2013.04.012},
	language = {en},
	number = {7},
	urldate = {2022-08-11},
	journal = {Journal of Insect Physiology},
	author = {Park, Jiyeong and Stanley, David and Kim, Yonggyun},
	month = jul,
	year = {2013},
	keywords = {5-Hydroxytryptamine, Eicosanoid, Octopamine, Plasmatocyte-spreading peptide, Rac1},
	pages = {682--689},
}
@article{bellen_drosophila_1992,
	title = {The {Drosophila} couch potato protein is expressed in nuclei of peripheral neuronal precursors and shows homology to {RNA}-binding proteins.},
	volume = {6},
	issn = {0890-9369, 1549-5477},
	doi = {10.1101/gad.6.11.2125},
	language = {en},
	number = {11},
	urldate = {2022-08-11},
	journal = {Genes \& Development},
	author = {Bellen, H. J. and Kooyer, S. and D'Evelyn, D. and Pearlman, J.},
	month = jan,
	year = {1992},
	pmid = {1427076},
	pages = {2125--2136},
}

@article{tepass_ferm_2009,
	series = {Pattern formation and developmental mechanisms},
	title = {{FERM} proteins in animal morphogenesis},
	volume = {19},
	issn = {0959-437X},
	doi = {10.1016/j.gde.2009.05.006},
	language = {en},
	number = {4},
	urldate = {2022-08-11},
	journal = {Current Opinion in Genetics \& Development},
	author = {Tepass, Ulrich},
	month = aug,
	year = {2009},
	pages = {357--367},
}

@article{jiang_differential_2016,
	title = {Differential gene expression of two extreme honey bee ({Apis} mellifera) colonies showing varroa tolerance and susceptibility},
	volume = {25},
	issn = {1365-2583},
	doi = {10.1111/imb.12217},
	language = {en},
	number = {3},
	urldate = {2022-08-11},
	journal = {Insect Molecular Biology},
	author = {Jiang, S. and Robertson, T. and Mostajeran, M. and Robertson, A. J. and Qiu, X.},
	year = {2016},
	keywords = {differential expression, DNA microarray, honey bee, Varroa destructor},
	pages = {272--282},
}
@article{steinhauer_rna-binding_2005,
	title = {The {RNA}-binding protein {Squid} is required for the establishment of anteroposterior polarity in the {Drosophila} oocyte},
	volume = {132},
	issn = {0950-1991},
	doi = {10.1242/dev.02159},
	number = {24},
	urldate = {2022-08-12},
	journal = {Development},
	author = {Steinhauer, Josefa and Kalderon, Daniel},
	month = dec,
	year = {2005},
	pages = {5515--5525},
}
@article{okuda_high-affinity_2003,
	title = {High-{Affinity} {Choline} {Transporter}},
	volume = {28},
	issn = {1573-6903},
	doi = {10.1023/A:1022809003997},
	language = {en},
	number = {3},
	urldate = {2022-08-12},
	journal = {Neurochemical Research},
	author = {Okuda, Takashi and Haga, Tatsuya},
	month = apr,
	year = {2003},
	keywords = {Acetylcholine, choline transporter, cholinergic neuron, hemicholinium-3},
	pages = {483--488},
}

@article{kitamoto_isolation_2000,
	title = {Isolation and characterization of mutants for the vesicular acetylcholine transporter gene in {Drosophila} melanogaster},
	volume = {42},
	issn = {1097-4695},
	doi = {10.1002/(SICI)1097-4695(20000205)42:2<161::AID-NEU1>3.0.CO;2-P},
	language = {en},
	number = {2},
	urldate = {2022-08-12},
	journal = {Journal of Neurobiology},
	author = {Kitamoto, Toshihiro and Xie, Xianjin and Wu, Chun-Fang and Salvaterra, Paul M.},
	year = {2000},
	note = {\_eprint: https://onlinelibrary.wiley.com/doi/pdf/10.1002/\%28SICI\%291097-4695\%2820000205\%2942\%3A2\%3C161\%3A\%3AAID-NEU1\%3E3.0.CO\%3B2-P},
	keywords = {choline acetyltransferase, cholinergic locus, giant fiber pathway, synaptic transmission},
	pages = {161--171},
}
@article{dickman_mutations_2008,
	title = {Mutations in a {Drosophila} alpha2gamma {Voltage}-{Gated} {Calcium} {Channel} {Subunit} {Reveal} a {Crucial} {Synaptic} {Function}},
	volume = {28},
	copyright = {Copyright © 2008 Society for Neuroscience 0270-6474/08/280031-0815.00/0},
	issn = {0270-6474, 1529-2401},
	doi = {10.1523/JNEUROSCI.4498-07.2008},
	language = {en},
	number = {1},
	urldate = {2022-08-12},
	journal = {Journal of Neuroscience},
	author = {Dickman, Dion K. and Kurshan, Peri T. and Schwarz, Thomas L.},
	month = jan,
	year = {2008},
	pmid = {18171920},
	keywords = {active zone, bouton, calcium channel, Drosophila, neuromuscular junction, synaptic transmission},
	pages = {31--38},
}
@article{del_castillo_kinetochore_2020,
	title = {Kinetochore protein {Spindly} controls microtubule polarity in {Drosophila} axons},
	volume = {117},
	doi = {10.1073/pnas.2005394117},
	number = {22},
	urldate = {2022-08-12},
	journal = {Proceedings of the National Academy of Sciences},
	author = {del Castillo, Urko and Müller, Hans-Arno J. and Gelfand, Vladimir I.},
	month = jun,
	year = {2020},
	pages = {12155--12163},
}

@article{dobrin_rho_2012,
	title = {Rho {GTPase} activity in the honey bee mushroom bodies is correlated with age and foraging experience},
	volume = {58},
	issn = {0022-1910},
	doi = {10.1016/j.jinsphys.2011.11.009},
	language = {en},
	number = {2},
	urldate = {2022-08-12},
	journal = {Journal of Insect Physiology},
	author = {Dobrin, Scott E. and Fahrbach, Susan E.},
	month = feb,
	year = {2012},
	pages = {228--234},
}

@article{lockett_contrasting_2014,
	title = {Contrasting {Effects} of {Histone} {Deacetylase} {Inhibitors} on {Reward} and {Aversive} {Olfactory} {Memories} in the {Honey} {Bee}},
	volume = {5},
	copyright = {http://creativecommons.org/licenses/by/3.0/},
	issn = {2075-4450},
	doi = {10.3390/insects5020377},
	language = {en},
	number = {2},
	urldate = {2022-08-12},
	journal = {Insects},
	author = {Lockett, Gabrielle A. and Wilkes, Fiona and Helliwell, Paul and Maleszka, Ryszard},
	month = jun,
	year = {2014},
	pages = {377--398},
}
@article{kocher_genetic_2018,
	title = {The genetic basis of a social polymorphism in halictid bees},
	volume = {9},
	copyright = {2018 The Author(s)},
	issn = {2041-1723},
	doi = {10.1038/s41467-018-06824-8},
	language = {en},
	number = {1},
	urldate = {2022-08-12},
	journal = {Nature Communications},
	author = {Kocher, Sarah D. and Mallarino, Ricardo and Rubin, Benjamin E. R. and Yu, Douglas W. and Hoekstra, Hopi E. and Pierce, Naomi E.},
	month = oct,
	year = {2018},
	keywords = {Behavioural genetics, Evolutionary genetics, Social evolution},
	pages = {4338},
}
@article{zhao_characterization_2018,
	title = {Characterization of the {CDK5} gene in {Apis} cerana cerana ({AccCDK5}) and a preliminary identification of its activator gene, {AccCDK5r1}},
	volume = {23},
	issn = {1466-1268},
	doi = {10.1007/s12192-017-0820-y},
	language = {en},
	number = {1},
	urldate = {2022-07-26},
	journal = {Cell Stress and Chaperones},
	author = {Zhao, Guangdong and Wang, Chen and Wang, Hongfang and Gao, Lijun and Liu, Zhenguo and Xu, Baohua and Guo, Xingqi},
	month = jan,
	year = {2018},
	pages = {13--28},
}
@article{heanue_synergistic_1999,
	title = {Synergistic regulation of vertebrate muscle development by {Dach2}, {Eya2}, and {Six1}, homologs of genes required for {Drosophila} eye formation},
	volume = {13},
	issn = {0890-9369, 1549-5477},
	language = {en},
	number = {24},
	urldate = {2022-08-12},
	journal = {Genes \& Development},
	author = {Heanue, Tiffany A. and Reshef, Ram and Davis, Richard J. and Mardon, Graeme and Oliver, Guillermo and Tomarev, Stanislav and Lassar, Andrew B. and Tabin, Clifford J.},
	month = dec,
	year = {1999},
	pmid = {10617572},
	keywords = {Dach2, dachshund, Eya2, myogenesis, Pax3, Six1, somite development},
	pages = {3231--3243},
}
@article{witte_kinesin_2020,
	title = {The kinesin motor {Klp98A} mediates apical to basal {Wg} transport},
	volume = {147},
	issn = {0950-1991},
	doi = {10.1242/dev.186833},
	number = {15},
	urldate = {2022-07-26},
	journal = {Development},
	author = {Witte, Leonie and Linnemannstöns, Karen and Schmidt, Kevin and Honemann-Capito, Mona and Grawe, Ferdinand and Wodarz, Andreas and Gross, Julia Christina},
	month = aug,
	year = {2020},
	pages = {dev186833},
}

@article{grunbaum_induction_1998,
	title = {Induction of a {Specific} {Olfactory} {Memory} {Leads} to a {Long}-{Lasting} {Activation} of {Protein} {Kinase} {C} in the {Antennal} {Lobe} of the {Honeybee}},
	volume = {18},
	copyright = {Copyright © 1998 Society for Neuroscience},
	issn = {0270-6474, 1529-2401},
	doi = {10.1523/JNEUROSCI.18-11-04384.1998},
	language = {en},
	number = {11},
	urldate = {2022-08-12},
	journal = {Journal of Neuroscience},
	author = {Grünbaum, Lore and Müller, Uli},
	month = jun,
	year = {1998},
	pmid = {9592115},
	keywords = {antennal lobe, memory phases, olfactory learning, protein kinase C, thiol proteases, transcription, translation},
	pages = {4384--4392},
}
@article{claudianos_deficit_2006,
	title = {A deficit of detoxification enzymes: pesticide sensitivity and environmental response in the honeybee},
	volume = {15},
	issn = {1365-2583},
	shorttitle = {A deficit of detoxification enzymes},
	doi = {10.1111/j.1365-2583.2006.00672.x},
	language = {en},
	number = {5},
	urldate = {2022-08-12},
	journal = {Insect Molecular Biology},
	author = {Claudianos, C. and Ranson, H. and Johnson, R. M. and Biswas, S. and Schuler, M. A. and Berenbaum, M. R. and Feyereisen, R. and Oakeshott, J. G.},
	year = {2006},
	keywords = {cytochrome P450 monooxygenase, esterase, glutathione-S-transferase, honeybee, insecticide resistance},
	pages = {615--636},
}
@article{hilliard2004worms,
	title={Worms taste bitter: ASH neurons, QUI-1, GPA-3 and ODR-3 mediate quinine avoidance in Caenorhabditis elegans},
	author={Hilliard, Massimo A and Bergamasco, Carmela and Arbucci, Salvatore and Plasterk, Ronald HA and Bazzicalupo, Paolo},
	journal={The EMBO journal},
	volume={23},
	number={5},
	pages={1101--1111},
	year={2004},
	publisher={John Wiley \& Sons, Ltd Chichester, UK}
}
@article{llimargas_lachesin_2004,
	title = {Lachesin is a component of a septate junction-based mechanism that controls tube size and epithelial integrity in the {Drosophilatracheal} system},
	volume = {131},
	issn = {0950-1991},
	doi = {10.1242/dev.00917},
	number = {1},
	urldate = {2022-08-12},
	journal = {Development},
	author = {Llimargas, Marta and Strigini, Maura and Katidou, Markella and Karagogeos, Domna and Casanova, Jordi},
	month = jan,
	year = {2004},
	pages = {181--190},
}
@article{lane_biology_1994,
	title = {The biology of {SPARC}, a protein that modulates cell-matrix interactions},
	volume = {8},
	issn = {1530-6860},
	doi = {10.1096/fasebj.8.2.8119487},
	language = {en},
	number = {2},
	urldate = {2022-08-12},
	journal = {The FASEB Journal},
	author = {Lane, Timothy F. and Sage, E. Helene},
	year = {1994},
	keywords = {angiogenesis, BM-40, calcium binding, collagen binding, development, extracellular matrix, osteonectin},
	pages = {163--173},
}
@article{osborne_expression_2005,
	title = {Expression of {Pax} group {III} genes in the honeybee ({Apis} mellifera)},
	volume = {215},
	issn = {1432-041X},
	doi = {10.1007/s00427-005-0008-9},
	language = {en},
	number = {10},
	urldate = {2022-08-12},
	journal = {Development Genes and Evolution},
	author = {Osborne, Peter W. and Dearden, Peter K.},
	month = oct,
	year = {2005},
	pages = {499--508},
}
@article{chaturvedi_drosophila_2016,
	title = {Drosophila {CG2469} {Encodes} a {Homolog} of {Human} {CTR9} and {Is} {Essential} for {Development}},
	volume = {6},
	issn = {2160-1836},
	doi = {10.1534/g3.116.035196},
	number = {12},
	urldate = {2022-08-12},
	journal = {G3 Genes{\textbar}Genomes{\textbar}Genetics},
	author = {Chaturvedi, Dhananjay and Inaba, Mayu and Scoggin, Shane and Buszczak, Michael},
	month = dec,
	year = {2016},
	pages = {3849--3857},
}
@article{zhou_crystal_2020,
	title = {Crystal structure of the {N}-terminal domain of ryanodine receptor from the honeybee, {Apis} mellifera},
	volume = {125},
	issn = {0965-1748},
	doi = {10.1016/j.ibmb.2020.103454},
	language = {en},
	urldate = {2022-08-12},
	journal = {Insect Biochemistry and Molecular Biology},
	author = {Zhou, Yuanyuan and Wang, Wenlan and Salauddin, Nahiyan Mohammad and Lin, Lianyun and You, Minsheng and You, Shijun and Yuchi, Zhiguang},
	month = oct,
	year = {2020},
	keywords = {Crystal structure, Honeybee, Insecticide, N-terminal domain, Ryanodine receptor},
	pages = {103454},
}
@article{walker_role_2011,
	title = {Role of {Elongator} {Subunit} {Elp3} in {Drosophila} melanogaster {Larval} {Development} and {Immunity}},
	volume = {187},
	issn = {1943-2631},
	doi = {10.1534/genetics.110.123893},
	number = {4},
	urldate = {2022-08-12},
	journal = {Genetics},
	author = {Walker, Jane and Kwon, So Yeon and Badenhorst, Paul and East, Phil and McNeill, Helen and Svejstrup, Jesper Q},
	month = apr,
	year = {2011},
	pages = {1067--1075},
}
@article{grimm_control_1996,
	title = {Control of the {Gene} optomotor-blind in {Drosophila} {Wing} {Development} by decapentaplegic and wingless},
	volume = {271},
	doi = {10.1126/science.271.5255.1601},
	number = {5255},
	urldate = {2022-07-26},
	journal = {Science},
	author = {Grimm, Stefan and Pflugfelder, Gert O.},
	month = mar,
	year = {1996},
	pages = {1601--1604},
}
@article{nie_changes_2020,
	title = {Changes in the gene expression of chalkbrood resistance in {Apis} mellifera larvae infected by {Ascosphaera} apis},
	volume = {51},
	issn = {1297-9678},
	doi = {10.1007/s13592-019-00702-y},
	language = {en},
	number = {1},
	urldate = {2022-07-26},
	journal = {Apidologie},
	author = {Nie, Hongyi and Wang, Xueyan and Xu, Shupeng and Gao, Yan and Lin, Yan and Zhu, Yanan and Yang, Donglin and Li, Zhiguo and Su, Songkun},
	month = feb,
	year = {2020},
	keywords = {RNA-seq, antimicrobial peptides, chalkbrood resistance, hemolymph, midguts},
	pages = {35--47},
}
@article{urlacher_honey_2016,
	title = {Honey {Bee} {Allatostatins} {Target} {Galanin}/{Somatostatin}-{Like} {Receptors} and {Modulate} {Learning}: {A} {Conserved} {Function}?},
	volume = {11},
	issn = {1932-6203},
	shorttitle = {Honey {Bee} {Allatostatins} {Target} {Galanin}/{Somatostatin}-{Like} {Receptors} and {Modulate} {Learning}},
	doi = {10.1371/journal.pone.0146248},
	language = {en},
	number = {1},
	urldate = {2022-08-12},
	journal = {PLOS ONE},
	author = {Urlacher, Elodie and Soustelle, Laurent and Parmentier, Marie-Laure and Verlinden, Heleen and Gherardi, Marie-Julie and Fourmy, Daniel and Mercer, Alison R. and Devaud, Jean-Marc and Massou, Isabelle},
	month = jan,
	year = {2016},
	keywords = {Bees, Conditioned response, Honey bees, Learning, Neuropeptides, Somatostatin, Sucrose, Transfection},
	pages = {e0146248},
}
@article{wang_genome-wide_2020,
	title = {Genome-{Wide} {Differential} {DNA} {Methylation} in {Reproductive}, {Morphological}, and {Visual} {System} {Differences} {Between} {Queen} {Bee} and {Worker} {Bee} ({Apis} mellifera)},
	volume = {11},
	issn = {1664-8021},
	url = {https://www.frontiersin.org/articles/10.3389/fgene.2020.00770},
	urldate = {2022-08-12},
	journal = {Frontiers in Genetics},
	author = {Wang, Hongfang and Liu, Zhenguo and Wang, Ying and Ma, Lanting and Zhang, Weixing and Xu, Baohua},
	year = {2020},
}
@article{wustenberg_pharmacology_2004,
	title = {Pharmacology of the neuronal nicotinic acetylcholine receptor of cultured {Kenyon} cells of the honeybee, {Apis} mellifera},
	volume = {190},
	issn = {1432-1351},
	doi = {10.1007/s00359-004-0530-7},
	language = {en},
	number = {10},
	urldate = {2022-08-12},
	journal = {Journal of Comparative Physiology A},
	author = {Wüstenberg, Daniel G. and Grünewald, Bernd},
	month = oct,
	year = {2004},
	keywords = {Dihydroxy-β-erythroidine, Insects, Methyllycaconitine, Mushroom body, Patch clamp},
	pages = {807--821},
}
@article{yi_insect_2014,
	title = {Insect antimicrobial peptides and their applications},
	volume = {98},
	issn = {1432-0614},
	doi = {10.1007/s00253-014-5792-6},
	language = {en},
	number = {13},
	urldate = {2022-08-12},
	journal = {Applied Microbiology and Biotechnology},
	author = {Yi, Hui-Yu and Chowdhury, Munmun and Huang, Ya-Dong and Yu, Xiao-Qiang},
	month = jul,
	year = {2014},
	keywords = {Alpha-helical peptide, Conformational changes, Cysteine-rich peptide, Glycine-rich peptide, Lipopolysaccharide, Proline-rich peptide},
	pages = {5807--5822},
}

